<?xml version="1.0" encoding="UTF-8"?><record xmlns="http://www.loc.gov/MARC21/slim" xmlns:cinclude="http://apache.org/cocoon/include/1.0" xmlns:zs="http://www.loc.gov/zing/srw/">
  <leader>00675cz  a2200193n  4500</leader>
  <controlfield tag="001">n  85184817 </controlfield>
  <controlfield tag="003">DLC</controlfield>
  <controlfield tag="005">20080620073657.0</controlfield>
  <controlfield tag="008">851114n| acannaabn          |a aaa      </controlfield>
  <datafield tag="010" ind1=" " ind2=" ">
    <subfield code="a">n  85184817 </subfield>
  </datafield>
  <datafield tag="035" ind1=" " ind2=" ">
    <subfield code="a">(OCoLC)oca01459815</subfield>
  </datafield>
  <datafield tag="040" ind1=" " ind2=" ">
    <subfield code="a">DLC</subfield>
    <subfield code="b">eng</subfield>
    <subfield code="c">DLC</subfield>
    <subfield code="d">DLC</subfield>
    <subfield code="d">OCoLC</subfield>
  </datafield>
  <datafield tag="053" ind1=" " ind2="0">
    <subfield code="a">PK2200.V345</subfield>
  </datafield>
  <datafield tag="100" ind1="1" ind2=" ">
    <subfield code="a">Valī Hāshmī, Abūlbarkāt Sayyid Muḥammad</subfield>
  </datafield>
  <datafield tag="400" ind1="0" ind2=" ">
    <subfield code="a">Abūlbarkāt Sayyid Muḥammad Valī Hāshmī</subfield>
  </datafield>
  <datafield tag="400" ind1="1" ind2=" ">
    <subfield code="a">Hāshmī, Abūlbarkāt Sayyid Muḥammad Valī</subfield>
  </datafield>
  <datafield tag="400" ind1="0" ind2=" ">
    <subfield code="a">Wali Hashmi</subfield>
  </datafield>
  <datafield tag="400" ind1="1" ind2=" ">
    <subfield code="a">Hashmi, Wali</subfield>
  </datafield>
  <datafield tag="670" ind1=" " ind2=" ">
    <subfield code="a">His Naghmah-yi jauhar, 1981:</subfield>
    <subfield code="b">t.p. (Abūlbarkāt Sayyid Muḥammad Valī Hāshmī) p. 4 of cover (Wali Hashmi)</subfield>
  </datafield>
</record>